@ARTICLE{Goodman,
author = {Goodman, J. W. and Belsher, J. F.},
title = {Fundamental Limitations In Linear Invariant Restoration Of Atmospherically Degraded Images},
journal = {Proc. SPIE},
volume = {0075},
pages = {141-154},
year = {1976},
}